@Book{Schweppe2020,
  title = {Schweppe Lab Handbook},
  author = {Devin Schweppe},
  publisher = {Schweppe Lab},
  address = {Seattle, WA},
  year = {2020},
  edition = {1st},
  url = {https://schweppelab.github.io/Handbook/index.html},
}
